@article{smile_importance,
  title={Influence of orthodontic treatment, midline position, buccal corridor and smile arc on smile attractiveness: A systematic review},
  author={Janson, Guilherme and Branco, Nuria Castello and Fernandes, Thais Maria Freire and Sathler, Renata and Garib, Daniela and Lauris, Jos{\'e} Roberto Pereira},
  journal={The Angle Orthodontist},
  volume={81},
  number={1},
  pages={153--161},
  year={2011}
}
@article{smile_preferences_of_orthodontists,
  title={Smile preferences of orthodontists, general dentists, patients, and the general public in three-quarter and lateral views},
  author={Pasukdee, Parichart and Cheng, Johnson Hsin-Chung and Chen, De-Shing},
  journal={American Journal of Orthodontics and Dentofacial Orthopedics},
  volume={159},
  number={4},
  pages={e311--e320},
  year={2021},
  publisher={Elsevier}
}
@article{微笑訓練有用,
  title={Learning to smile: the neuroanatomic basis for smile training},
  author={Terry, Douglas A and Pirtle, Philip L},
  journal={Journal of Esthetic and Restorative Dentistry},
  volume={13},
  number={1},
  pages={20--27},
  year={2001},
  publisher={Wiley Online Library}
}
@article{微笑審美差異,
  title={Comparing the perception of dentists and lay people to altered dental esthetics},
  author={Kokich Jr, Vincent O and Asuman Kiyak, H and Shapiro, Peter A},
  journal={Journal of Esthetic and Restorative Dentistry},
  volume={11},
  number={6},
  pages={311--324},
  year={1999},
  publisher={Wiley Online Library}
}
@article{微笑審美差異2,
  title={Effects of buccal corridors on smile esthetics in Japanese and Korean orthodontists and orthodontic patients},
  author={Ioi, Hideki and Kang, Sangwook and Shimomura, Takahiro and Kim, Seong-sik and Park, Soo-byung and Son, Woo-sung and Takahashi, Ichiro},
  journal={American Journal of Orthodontics and Dentofacial Orthopedics},
  volume={142},
  number={4},
  pages={459--465},
  year={2012},
  publisher={Elsevier}
}
@article{dsd_tech,
  title={Digital Smile Design-An innovative tool in aesthetic dentistry},
  author={Jafri, Zeba and Ahmad, Nafis and Sawai, Madhuri and Sultan, Nishat and Bhardwaj, Ashu},
  journal={Journal of oral biology and craniofacial research},
  volume={10},
  number={2},
  pages={194--198},
  year={2020},
  publisher={Elsevier}
}
@article{dsd_tech2,
  title={Dynamic documentation of the smile and the 2D/3D digital smile design process},
  author={Coachman, Christian and Calamita, Marcelo Alexandre and Sesma, Newton},
  journal={Int J Periodontics Restorative Dent},
  volume={37},
  number={2},
  pages={183--193},
  year={2017}
}
@article{dsd_tech3d,
  title={Four-dimensional digital prediction of the esthetic outcome and digital implementation for rehabilitation in the esthetic zone},
  author={Ye, Hongqiang and Wang, Kuan-Paul and Liu, Yushu and Liu, Yunsong and Zhou, Yongsheng},
  journal={The Journal of Prosthetic Dentistry},
  volume={123},
  number={4},
  pages={557--563},
  year={2020},
  publisher={Elsevier}
}
@article{renita,
  title={Deep convolutional neural network-based early automated detection of diabetic retinopathy using fundus image},
  author={Xu, Kele and Feng, Dawei and Mi, Haibo},
  journal={Molecules},
  volume={22},
  number={12},
  pages={2054},
  year={2017},
  publisher={MDPI}
}
@inproceedings{lung,
  title={Medical image classification with convolutional neural network},
  author={Li, Qing and Cai, Weidong and Wang, Xiaogang and Zhou, Yun and Feng, David Dagan and Chen, Mei},
  booktitle={2014 13th international conference on control automation robotics \& vision (ICARCV)},
  pages={844--848},
  year={2014},
  organization={IEEE}
}
@article{ml_orthodontics,
  title={Machine learning in orthodontics: Challenges and perspectives},
  author={Liu, Jialing and Chen, Ye and Li, Shihao and Zhao, Zhihe and Wu, Zhihong},
  journal={Advances in Clinical and Experimental Medicine},
  volume={30},
  number={10},
  pages={1065--1074},
  year={2021},
  publisher={Wroclaw Medical University}
}
@inproceedings{cepha_net,
  title={CephaNet: An improved faster R-CNN for cephalometric landmark detection},
  author={Qian, Jiahong and Cheng, Ming and Tao, Yubo and Lin, Jun and Lin, Hai},
  booktitle={2019 IEEE 16th International Symposium on Biomedical Imaging (ISBI 2019)},
  pages={868--871},
  year={2019},
  organization={IEEE}
}
@article{gingivitis,
  title={A deep learning-based approach for the detection of early signs of gingivitis in orthodontic patients using faster region-based convolutional neural networks},
  author={Alalharith, Dima M and Alharthi, Hajar M and Alghamdi, Wejdan M and Alsenbel, Yasmine M and Aslam, Nida and Khan, Irfan Ullah and Shahin, Suliman Y and Diani{\v{s}}kov{\'a}, Simona and Alhareky, Muhanad S and Barouch, Kasumi K},
  journal={International Journal of Environmental Research and Public Health},
  volume={17},
  number={22},
  pages={8447},
  year={2020},
  publisher={MDPI}
}
@article{YOLACT++分割,
  title={Evaluating the precision of automatic segmentation of teeth, gingiva and facial landmarks for 2d digital smile design using real-time instance segmentation network},
  author={Lee, Seulgi and Kim, Jong-Eun},
  journal={Journal of Clinical Medicine},
  volume={11},
  number={3},
  pages={852},
  year={2022},
  publisher={MDPI}
}
@inproceedings{YOLACT,
  title={Yolact: Real-time instance segmentation},
  author={Bolya, Daniel and Zhou, Chong and Xiao, Fanyi and Lee, Yong Jae},
  booktitle={Proceedings of the IEEE/CVF International Conference on Computer Vision},
  pages={9157--9166},
  year={2019}
}
@inproceedings{BlendMask,
  title={Blendmask: Top-down meets bottom-up for instance segmentation},
  author={Chen, Hao and Sun, Kunyang and Tian, Zhi and Shen, Chunhua and Huang, Yongming and Yan, Youliang},
  booktitle={Proceedings of the IEEE/CVF conference on computer vision and pattern recognition},
  pages={8573--8581},
  year={2020}
}
@book{YOLACT++,
  title={Yolact++ Better Real-Time Instance Segmentation},
  author={Zhou, Chong},
  year={2020},
  publisher={University of California, Davis}
}
@misc{AdelaiDet,
  author =       {Tian, Zhi and Chen, Hao and Wang, Xinlong and Liu, Yuliang and Shen, Chunhua},
  title =        {{AdelaiDet}: A Toolbox for Instance-level Recognition Tasks},
  howpublished = {\url{https://git.io/adelaidet}},
  year =         {2019}
}
@inproceedings{mask_r-cnn,
  title={Mask r-cnn},
  author={He, Kaiming and Gkioxari, Georgia and Doll{\'a}r, Piotr and Girshick, Ross},
  booktitle={Proceedings of the IEEE international conference on computer vision},
  pages={2961--2969},
  year={2017}
}
@article{frush1958dynesthetic,
  title={The dynesthetic interpretation of the dentogenic concept},
  author={Frush, John P and Fisher, Roland D},
  journal={The Journal of prosthetic dentistry},
  volume={8},
  number={4},
  pages={558--581},
  year={1958},
  publisher={Elsevier}
}
@article{hulsey1970esthetic,
  title={An esthetic evaluation of lip-teeth relationships present in the smile},
  author={Hulsey, Charles M},
  journal={American journal of orthodontics},
  volume={57},
  number={2},
  pages={132--144},
  year={1970},
  publisher={Elsevier}
}
@article{sarver2007aesthetic,
  title={The aesthetic dentofacial analysis},
  author={Sarver, David and Jacobson, Ronald S},
  journal={Clinics in plastic surgery},
  volume={34},
  number={3},
  pages={369--394},
  year={2007},
  publisher={Elsevier}
}
@article{cheng2021relationship,
  title={The relationship between dentofacial morphology and smile characteristics in lateral and oblique views},
  author={Cheng, Johnson Hsin-Chung and Luechapanichkul, Mingming Jareerat and Lee, Tracy Yi-Hsuan},
  journal={Journal of Dental Sciences},
  volume={16},
  number={1},
  pages={37--44},
  year={2021},
  publisher={Elsevier}
}
@article{charavet2019benefits,
  title={Benefits of Digital Smile Design (DSD) in the conception of a complex orthodontic treatment plan: A case report-proof of concept},
  author={Charavet, Carole and Bernard, Jean-Claude and Gaillard, Cyril and Le Gall, Michel},
  journal={International orthodontics},
  volume={17},
  number={3},
  pages={573--579},
  year={2019},
  publisher={Elsevier}
}
